<?xml version="1.0" encoding="UTF-8"?><record xmlns="http://www.loc.gov/MARC21/slim" xmlns:cinclude="http://apache.org/cocoon/include/1.0" xmlns:zs="http://www.loc.gov/zing/srw/">
  <leader>00430cz  a2200133n  4500</leader>
  <controlfield tag="001">n 2002061653</controlfield>
  <controlfield tag="003">DLC</controlfield>
  <controlfield tag="005">20021022095135.0</controlfield>
  <controlfield tag="008">021022n| acannaabn          ln ana      </controlfield>
  <datafield tag="010" ind1=" " ind2=" ">
    <subfield code="a">n 2002061653</subfield>
  </datafield>
  <datafield tag="040" ind1=" " ind2=" ">
    <subfield code="a">DLC</subfield>
    <subfield code="b">eng</subfield>
    <subfield code="c">DLC</subfield>
  </datafield>
  <datafield tag="110" ind1="1" ind2=" ">
    <subfield code="a">Ehime-ken (Japan).</subfield>
    <subfield code="b">Kikaku Chōseibu</subfield>
  </datafield>
  <datafield tag="670" ind1=" " ind2=" ">
    <subfield code="a">Ehime no sugata '91, 1991:</subfield>
    <subfield code="b">p. 4 of cover (Ehime-ken Kikaku Chōseibu)</subfield>
  </datafield>
  <datafield tag="670" ind1=" " ind2=" ">
    <subfield code="a">Shokuinroku, 1993:</subfield>
    <subfield code="b">v. 2, p. 2566 (Ehime-ken/Kikaku Chōseibu)</subfield>
  </datafield>
</record>